@techreport{drawdown,
  author = {Barbara Rodriguez Droguett et. al.},
  institution = {Project Drawdown},
  title = {LED Lighting},
  year = {2018}
}