@misc{labmanual,
    author = {Bishal Lamichhane},
    title = {Lab Instruction Sheet - Session 3},
    howpublished = {Published to D2L},
    year = {2024},
    month = {September},
    note = {Accessed: 09-12-2024},
}

@misc{magnetostriction,
    author = {Behzad Forghani},
    title = {Magnetostriction, a Source of Noise in Transformers},
    howpublished = {Siemens Blog},
    year = {2021},
    month = {April},
    note = {Accessed: 09-12-2024},
}
