@booklet{matrixcookbook,
  author       = {Kaare Brandt Petersen and Michael Syskind Pederson},
  title        = {The Matrix Cookbook},
  howpublished = {Distributed by University of Waterloo},
  month = {November},
  year         = {2012}
}

@misc{matrixcompute,
    author={Andy He and Evan Williams},
    title={Computational Complexity of Matrix Multiplication},
    howpublished = {\url{https://www.cs.cornell.edu/courses/cs6810/2023fa/Matrix.pdf}},
    year = {2023},
    month = {Fall},
    note = {Accessed: 2024-09-10},
}
