@misc{engineer-pleads-guilty,
  author = {Office of Public Affairs, U.S. Department of Justice},
  howpublished = {Press Release},
  title = {Volkswagen Engineer Pleads Guilty for His Role in Conspiracy to Cheat U.S. Emissions Tests},
  year = {2016}
}

@misc{ieee-ethics,
  author = {IEEE},
  howpublished = {E-Document},
  title = {IEEE Code of Ethics},
  year = {2020}
}

@misc{bbc-russell,
  author = {Russell Hotten},
  howpublished = {BBC Business Article},
  title = {What is Volkswagen accused of?},
  year = {2015}
}