@misc{labmanual,
    author = {Bishal Lamichhane},
    title = {Lab Instruction Sheet - Session 6},
    howpublished = {Published to D2L},
    year = {2024},
    month = {October},
    note = {Accessed: 11-04-2024},
}